@online{tsl25911docs,
    author = "Adafruit",
    title = "Adafruit TSL2591 High Dynamic Range Digital Light Sensor",
    url  = "https://learn.adafruit.com/adafruit-tsl2591",
    keywords = "adafruit,tsl2591"
}

@online{dps310docs,
    author = "Adafruit",
    title = "Adafruit DPS310 Precision Barometric Pressure and Altitude Sensor",
    url  = "https://learn.adafruit.com/adafruit-dps310-precision-barometric-pressure-sensor",
    keywords = "adafruit,dps310"
}

@online{dht22docs,
    author = "Adafruit",
    title = "DHT11, DHT22 and AM2302 Sensors",
    url  = "https://learn.adafruit.com/dht",
    keywords = "adafruit,dht22,dht"
}

@online{ltr390docs,
    author = "Adafruit",
    title = "Adafruit LTR390 UV Sensor",
    url  = "https://learn.adafruit.com/adafruit-ltr390-uv-sensor",
    keywords = "adafruit,ltr390"
}

@online{esp32datasheet,
    author = "Espressif",
    title = "ESP32-WROOM-32 DATASHEET",
    url  = "https://www.espressif.com/sites/default/files/documentation/esp32-wroom-32_datasheet_en.pdf",
    keywords = "ESP32-WROOM-32,datasheet"
}

@online{zeroconf-explanation,
    author = "Paweł Strajeczek",
    title = "Multicast DNS i Bonjour/Zeroconf",
    url  = "https://strejczek.com/multicast-dns-i-bonjourzeroconf/",
    keywords = "avahi,zeroconf,mdns"
}

@online{esp32-https-server-library,
    author = "fhessel",
    title = "Biblioteka ESP32 HTTPS Server",
    url  = "https://github.com/fhessel/esp32_https_server/tree/master",
    keywords = "esp32,webserver,http"
}

@online{esp32-mqtt-server-library,
    author = "plapointe6",
    title = "Biblioteka ESP32 EspMQTTClient",
    url  = "https://github.com/plapointe6/EspMQTTClient",
    keywords = "esp32,mqtt"
}

@online{olimex-esp32poe,
    author = "Olimex",
    title = "Olimex ESP32-POE",
    url = "https://www.olimex.com/Products/IoT/ESP32/ESP32-POE/open-source-hardware",
    keywords = "esp32,ethernet"
}

@online{lilygo-esp32lte,
    author = "LILYGO",
    title = "LILYGO T-SIM7000G",
    url = "https://www.lilygo.cc/products/t-sim7000g",
    keywords = "esp32,lte"
}

@online{meteopl-nysa,
    author = "meteo.pl",
    title = "Nysa - prognoza pogody 60h | ICM Meteo",
    url = "https://m.meteo.pl/nysa/60",
    keywords = "meteo.pl,meteo"
}

@online{homeassistant,
    author = "home-assistant.io",
    title = "Home Assistant",
    url = "https://www.home-assistant.io/",
    keywords = "homeassistant"
}

@online{mqtt-explorer,
    author = "Thomas Nordquist",
    title = "MQTT Explorer",
    url = "https://mqtt-explorer.com/",
    keywords = "MQTT,explorer"
}

@book{
    Richardson_Amundsen_2015,
    title={RESTful web apis}, 
    publisher={O’Reilly}, 
    author={Richardson, Leonard and Amundsen, Mike}, 
    year={2015}
}

@book{
    Vedat_Oner_2021,
    title={Developing IOT projects with ESP32: Automate your home or business with inexpensive Wi-Fi devices}, 
    publisher={Packt Publishing}, 
    author={Oner, Vedat Ozan}, 
    year={2021}
} 